@misc{Ellingson2020Book,
	publisher={Virginia Polytechnic Institute and State University},
	title={{Book: Electromagnetics I (Ellingson)}},
	url={https://chem.libretexts.org/@go/page/3894},
	author={Ellingson, Steven W.},
	note={[Online; accessed 2021-03-17]},
	date={2020-05-18},
	year=2020,
	month=5,
	day=18,
}
@book{zhang_book,
publisher={Elsevier},
author = {Zhang, H. and Krooswyk, S. and Ou, J.},
year = {2015},
month = {01},
pages = {1-257},
title = {High Speed Digital Design: Design of High Speed Interconnects and Signaling}
}